@article{ktournament-vs-wheeler,
	author  = {Lata, Saneh and Yadav, Saneh and Sohal, Asha},
	year    = {2017},
	month   = {07},
	pages   = {},
	title   = {Comparative Study of Different Selection Techniques in Genetic Algorithm},
	journal = {International Journal of Engineering Science}
}

@article{DEAP_JMLR2012,
	author  = { F\'elix-Antoine Fortin and Fran\c{c}ois-Michel {De Rainville} and Marc-Andr\'e Gardner and Marc Parizeau and Christian Gagn\'e },
	title   = { {DEAP}: Evolutionary Algorithms Made Easy },
	pages   = { 2171--2175 },
	volume  = { 13 },
	month   = { jul },
	year    = { 2012 },
	journal = { Journal of Machine Learning Research }
}
